@book{Lego2012,
  author    = {Leo dorst},
  title     = {An Introduction to Robotics for the Computer Sciences, AI},
  publisher = {UvA},
  year      = {2001},
  page	 ={100}
}
